@article{Raveri:2021wfz,
    author = "Raveri, Marco and Doux, Cyrille",
    title = "{Non-Gaussian estimates of tensions in cosmological parameters}",
    eprint = "2105.03324",
    archivePrefix = "arXiv",
    primaryClass = "astro-ph.CO",
    month = "5",
    year = "2021"
}

@article{Raveri:2019gdp,
    author = "Raveri, Marco and Zacharegkas, Georgios and Hu, Wayne",
    title = "{Quantifying concordance of correlated cosmological data sets}",
    eprint = "1912.04880",
    archivePrefix = "arXiv",
    primaryClass = "astro-ph.CO",
    doi = "10.1103/PhysRevD.101.103527",
    journal = "Phys. Rev. D",
    volume = "101",
    number = "10",
    pages = "103527",
    year = "2020"
}

@article{Raveri:2018wln,
    author = "Raveri, Marco and Hu, Wayne",
    title = "{Concordance and Discordance in Cosmology}",
    eprint = "1806.04649",
    archivePrefix = "arXiv",
    primaryClass = "astro-ph.CO",
    doi = "10.1103/PhysRevD.99.043506",
    journal = "Phys. Rev. D",
    volume = "99",
    number = "4",
    pages = "043506",
    year = "2019"
}